@INPROCEEDINGS{7334868, 
author={D. {Jegal} and B. {Ahn}}, 
booktitle={2015 IEEE Pacific Rim Conference on Communications, Computers and Signal Processing (PACRIM)}, 
title={A TDMA modem design for multiparty communications with the relay function}, 
year={2015}, 
volume={}, 
number={}, 
pages={391-395}, 
keywords={ad hoc networks;data communication;delays;hardware description languages;modems;telecommunication channels;time division multiple access;voice communication;TDMA modem design;multiparty communications;relay function;preassigned time slot;data transmission;TDMA baseband modem;multiparty voice communications;communication distance;ad-hoc function;baseband modem;RF transmitter;sync time controller;buffer controller;asynchronous serial block;Xilinx Zynq 7000;Verilog HDL;8-node relay communications;delay time;distance 1.6 km;frequency 2.4 GHz;Relays;Synchronization;Modems;Baseband;Time division multiple access;Radio frequency;Bandwidth;Realy;Multi-party;TDMA;Baseband Modem}, 
doi={10.1109/PACRIM.2015.7334868}, 
ISSN={2154-5952}, 
month={Aug},}

@INPROCEEDINGS{6756237, 
author={J. O. {Ha} and S. H. {Jung} and M. C. {Park} and K. H. {Lee} and Y. S. {Eo}}, 
booktitle={2013 IEEE MTT-S International Microwave Workshop Series on RF and Wireless Technologies for Biomedical and Healthcare Applications (IMWS-BIO)}, 
title={A fully integrated 3â€“5 GHz UWB RF transceiver for WBAN applications}, 
year={2013}, 
volume={}, 
number={}, 
pages={1-3}, 
keywords={amplitude shift keying;biomedical electronics;body area networks;CMOS digital integrated circuits;interference (signal);notch filters;pulse generators;radio transceivers;radiofrequency filters;telemedicine;ultra wideband antennas;ultra wideband communication;LOS channel;bandwidth;carrier frequency;digital circuits;UWB signal transmission;interference;tunable RF notch filter;impulse generator;OOK receiver topology;textile antenna;wireless body area network;fully integrated CMOS UWB RF transceiver;frequency 3 GHz to 5 GHz;Radio frequency;Microwave filters;Transceivers;Biomedical measurement;Textiles;Antenna measurements;Sensitivity;WBAN;UWB RF transceiver;tunable RF notch filter}, 
doi={10.1109/IMWS-BIO.2013.6756237}, 
ISSN={}, 
month={Dec},}

@Misc{Qualcomm.org,
howpublished = {\url{https://www.qualcomm.com/products/rf}},
note = {Accessed March 3, 2019},
author = {Qualcomm},
title={Qualcomm RFFE Solution}
}

@Misc{Exefx.org,
howpublished = {\url{https://www.edgefxkits.com/blog/rf-transceiver-module-with-block-diagram-explanation/}},
note = {Accessed March 3, 2019},
author = {Exefx},
title={Block Diagram of RF Transceivers}
}

@article{DBLP:journals/corr/Truman16,
  author    = {Jason Truman},
  title     = {Radio Frequency Modulated Signaling Interconnect for Memory-to-Processor
               and Processor-to-Processor Interfaces: An Overview},
  journal   = {CoRR},
  volume    = {abs/1612.06522},
  year      = {2016},
  url       = {http://arxiv.org/abs/1612.06522},
  archivePrefix = {arXiv},
  eprint    = {1612.06522},
  timestamp = {Mon, 13 Aug 2018 16:47:27 +0200},
  biburl    = {https://dblp.org/rec/bib/journals/corr/Truman16},
  bibsource = {dblp computer science bibliography, https://dblp.org}
}

@Misc{RFwikipedia.org,
howpublished = {\url{https://en.wikipedia.org/wiki/RF_switch}},
note = {Accessed March 3, 2019},
author = {Wikipedia},
title={RF switch}
}

@Misc{Electronic_filter.org,
howpublished = {\url{https://en.wikipedia.org/wiki/Electronic_filter}},
note = {Accessed March 3, 2019},
author = {Wikipedia},
title={Electronic filter}
}

@INPROCEEDINGS{6546299, 
author={K. R. {Boyle} and E. {Spits} and M. {de Jongh} and S. {Sato} and T. {Bakker} and A. {van Bezooijen}}, 
booktitle={2013 7th European Conference on Antennas and Propagation (EuCAP)}, 
title={Gain statistics for mobile phone antenna tuners}, 
year={2013}, 
volume={}, 
number={}, 
pages={432-436}, 
keywords={antennas;cellular radio;mobile handsets;power amplifiers;statistics;telecommunication network planning;gain statistics;mobile phone handset antenna tuner;adaptive tuning module;PA;closed-loop mode;open-loop mode;static time invariant mismatching;RF front-end;user interaction;hand phantom effect;head phantom effect;antenna impedance variation;cellular network;telecommunication network planning;power amplifier;Tuners;Antenna measurements;Impedance;Radio frequency;Mobile antennas;phone;reconfigurable;adaptive;antenna;tuner;mobile}, 
doi={}, 
ISSN={}, 
month={April},}

@Misc{Apple.org,
howpublished = {\url{https://www.apple.com/cn/iphone-7/specs/}},
note = {Accessed March 3, 2019},
author = {Apple},
title={Tech Specs of iPhone 7}
}

@Misc{modem.org,
howpublished = {\url{https://www.qualcomm.com/snapdragon/modems/4g-lte/x12}},
note = {Accessed March 3, 2019},
author = {Qualcomm},
title={Snapdragon X12 LTE Modem}
}

@Misc{teardown.org,
howpublished = {\url{https://www.ifixit.com/Teardown/iPhone+7+Teardown/67382}},
note = {Accessed March 3, 2019},
author = {ifixit},
title={iPhone 7 Teardown}
}

@Misc{datasheet.org,
howpublished = {\url{https://www.datasheets.com/search/}},
note = {Accessed March 3, 2019},
author = {datasheets},
title={Avago datasheets}
}

@Misc{wifibluetooth.org,
howpublished = {\url{https://wireless.murata.com/eng/products/rf-modules-1/wi-fi-bluetooth-for-nxp-i-mx.html}},
note = {Accessed March 4, 2019},
author = {Murata},
title={Murata 339S00199}
}

@Misc{NXP.org,
howpublished = {\url{https://www.nxp.com/docs/en/data-sheet/PN7120.pdf}},
note = {Accessed March 4, 2019},
author = {NXP},
title={NXP 67V04}
}

@Misc{Ewisetech.org,
howpublished = {\url{https://www.ewisetech.com/Device/Mobile/Apple-iPhone-7(A1660)_id2417/BOM}},
note = {Accessed March 4, 2019},
author = {Ewisetech},
title={iPhone 7(A1660)}
}

@Misc{B8856.org,
howpublished = {\url{http://www.alldatasheet.net/view.jsp?Searchword=B8856}},
note = {Accessed March 4, 2019},
author = {datasheet},
title={B8856 datasheet}
}

@Misc{Diversity_Receive.org,
howpublished = {\url{http://www.alldatasheet.net/view.jsp?Searchword=SKY13702-20}},
note = {Accessed March 4, 2019},
author = {ALLDATASHEET},
title={Diversity Receive datasheet}
}

@Misc{skyworks.org,
howpublished = {\url{http://www.skyworksinc.com/}},
note = {Accessed March 4, 2019},
author = {Skyworks},
title={Skyworks homepage}
}

@Misc{antenna_switch.org,
howpublished = {\url{http://www.mouser.com/ds/2/472/SKY13492_21_202826E-875868.pdf}},
note = {Accessed March 4, 2019},
author = {skyworks},
title={antenna switch datasheet}
}

@Misc{Avago.org,
howpublished = {\url{https://www.electronicproducts.com/Company_Community/Avago_Technologies/Avago_Technologies_Community.aspx}},
note = {Accessed March 4, 2019},
author = {Avago},
title={Avago homepage}
}

@Misc{dialog.org,
howpublished = {\url{https://www.dialog-semiconductor.com/}},
note = {Accessed March 4, 2019},
author = {dialog},
title={dialog homepage}
}

@Misc{Qualcomm_homepage.org,
howpublished = {\url{https://www.qualcomm.com}},
note = {Accessed March 4, 2019},
author = {Qualcomm},
title={Qualcomm homepage}
}

@Misc{nxp_honepage.org,
howpublished = {\url{https://www.nxp.com/cn/}},
note = {Accessed March 4, 2019},
author = {NXP},
title={NXP homepage}
}

@Misc{wireless.org,
howpublished = {\url{https://www.cablefree.net/wirelesstechnology/fdd-vs-tdd/}},
note = {Accessed March 4, 2019},
author = {Wireless Technology},
title={TDD and FDD}
}

@INPROCEEDINGS{6293033, 
author={S. {Hussin} and K. {Puntsri} and R. {Noe}}, 
booktitle={OFDM 2012; 17th International OFDM Workshop 2012 (InOWo'12)}, 
title={Efficiency Enhancement of RF-Pilot-Based Phase Noise Compensation for Coherent Optical OFDM Systems}, 
year={2012}, 
volume={}, 
number={}, 
pages={1-5}, 
keywords={OFDM;Phase noise;Standards;Optical noise;Laser noise;Optical transmitters;Bit error rate}, 
doi={}, 
ISSN={}, 
month={Aug},}

@INPROCEEDINGS{6983336, 
author={J. P. {Choi} and J. {Shin} and J. {Lee} and H. {Lou} and J. {Choi}}, 
booktitle={2014 International Conference on Information and Communication Technology Convergence (ICTC)}, 
title={A universal resource allocation method for H-FDD, FDD and TDD wireless OFDM systems}, 
year={2014}, 
volume={}, 
number={}, 
pages={930-935}, 
keywords={cellular radio;frequency division multiplexing;OFDM modulation;time division multiplexing;near-optimum and low-complexity algorithm;frame partitioning;mobile station grouping;next generation cellular wireless networks;machine-to-machine communication networks;half frequency division duplexing;TDD;time division duplexing;TDD wireless OFDM system;FDD;H-FDD;universal resource allocation method;Resource management;OFDM;WiMAX;Frequency conversion;Interference;Scheduling;Time-frequency analysis;resource allocation;orthogonal frequency division multiplexing (OFDM);half frequency division duplexing (H-FDD);frequency division duplexing (FDD);time division duplexing (TDD)}, 
doi={10.1109/ICTC.2014.6983336}, 
ISSN={2162-1233}, 
month={Oct},}

@article{Futaki2001Low,
  title={Low-density parity-check (LDPC) coded OFDM systems},
  author={Futaki, H. and Ohtsuki, T.},
  journal={Vtc Fall Feb},
  volume={1},
  year={2001},
}

@Misc{ofdm.org,
howpublished = {\url{https://www.csie.ntu.edu.tw/~hsinmu/courses/_media/wn_11fall/ofdm_new.pdf}},
note = {Accessed March 4, 2019},
author = {National Taiwan University CSIE},
title={OFDM}
}

@Misc{cellularinsights.org,
howpublished = {\url{http://cellularinsights.com/iphone7/}},
note = {Accessed March 4, 2019},
author = {cellularinsights},
title={iPhone 7}
}


